<?xml version="1.0" encoding="UTF-8"?><collection xmlns="http://www.loc.gov/MARC21/slim"><record><leader>00582nam--2200181-i-4500</leader><controlfield tag="001">000011900</controlfield><controlfield tag="002">20161230</controlfield><controlfield tag="005">20161230201029</controlfield><controlfield tag="008">060222s1000------------r-----000-0-fre-d</controlfield><datafield ind1=" " ind2=" " tag="040"><subfield code="a">IFIN-HH</subfield></datafield><datafield ind1=" " ind2=" " tag="041"><subfield code="a">fre</subfield></datafield><datafield ind1=" " ind2=" " tag="080"><subfield code="a">535.333:546.295(043)</subfield></datafield><datafield ind1="1" ind2=" " tag="100"><subfield code="a">Coulombe, Michel</subfield></datafield><datafield ind1="1" ind2="0" tag="245"><subfield code="a">Contribution a l'etude du deplacement isotopique et de la structure hyperfine dans le spectre d'arc du xenon</subfield><subfield code="b">These</subfield><subfield code="c">Michel coulombe</subfield></datafield><datafield ind1=" " ind2=" " tag="260"><subfield code="a">Paris, Orsay</subfield><subfield code="b">L'Universite De Paris-sud, Centre D'Orsay</subfield><subfield code="c">1975</subfield></datafield><datafield ind1=" " ind2=" " tag="300"><subfield code="a">/DIF.P.</subfield></datafield><datafield ind1=" " ind2=" " tag="852"><subfield code="a">44069</subfield><subfield code="c">535.33</subfield></datafield><datafield ind1=" " ind2=" " tag="CAT"><subfield code="a">Sys</subfield><subfield code="c">20101207</subfield><subfield code="h">143858</subfield></datafield></record></collection>